@inproceedings{meijer_contract_2024,
author = {Meijer, Willem},
title = {Contract-based Validation of Conceptual Design Bugs for Engineering Complex Machine Learning Software},
year = {2024},
isbn = {9798400706226},
publisher = {Association for Computing Machinery},
address = {New York, NY, USA},
url = {https://doi.org/10.1145/3652620.3688201},
doi = {10.1145/3652620.3688201},
booktitle = {Proceedings of the ACM/IEEE 27th International Conference on Model Driven Engineering Languages and Systems},
pages = {155â€“161},
numpages = {7},
keywords = {machine learning, software bugs, software design, knowledge mining, software contracts, empirical software engineering},
location = {Linz, Austria},
series = {MODELS Companion '24}
}
@inproceedings{cabral2024investigating,
  title={Investigating the impact of SOLID design principles on machine learning code understanding},
  author={Cabral, Raphael and Kalinowski, Marcos and Baldassarre, Maria Teresa and Villamizar, Hugo and Escovedo, Tatiana and Lopes, H{\'e}lio},
  booktitle={Proceedings of the IEEE/ACM 3rd International Conference on AI Engineering-Software Engineering for AI},
  pages={7--17},
  year={2024}
}
@inproceedings{cardozo2023prevalence,
  title={Prevalence of code smells in reinforcement learning projects},
  author={Cardozo, Nicol{\'a}s and Dusparic, Ivana and Cabrera, Christian},
  booktitle={2023 IEEE/ACM 2nd International Conference on AI Engineering--Software Engineering for AI (CAIN)},
  pages={37--42},
  year={2023},
  organization={IEEE}
}
@inproceedings{foidl2022data,
  title={Data smells: categories, causes and consequences, and detection of suspicious data in AI-based systems},
  author={Foidl, Harald and Felderer, Michael and Ramler, Rudolf},
  booktitle={Proceedings of the 1st International Conference on AI Engineering: Software Engineering for AI},
  pages={229--239},
  year={2022}
}
@inproceedings{nahar2023meta,
  title={A meta-summary of challenges in building products with ml components--collecting experiences from 4758+ practitioners},
  author={Nahar, Nadia and Zhang, Haoran and Lewis, Grace and Zhou, Shurui and K{\"a}stner, Christian},
  booktitle={2023 IEEE/ACM 2nd International Conference on AI Engineering--Software Engineering for AI (CAIN)},
  pages={171--183},
  year={2023},
  organization={IEEE}
}
@inproceedings{recupito2024unmasking,
  title={Unmasking Data Secrets: An Empirical Investigation into Data Smells and Their Impact on Data Quality},
  author={Recupito, Gilberto and Rapacciuolo, Raimondo and Di Nucci, Dario and Palomba, Fabio},
  booktitle={Proceedings of the IEEE/ACM 3rd International Conference on AI Engineering-Software Engineering for AI},
  pages={53--63},
  year={2024}
}
@inproceedings{van2021prevalence,
  title={The prevalence of code smells in machine learning projects},
  author={Van Oort, Bart and Cruz, Lu{\'\i}s and Aniche, Maur{\'\i}cio and Van Deursen, Arie},
  booktitle={2021 IEEE/ACM 1st workshop on AI engineering-software engineering for AI (WAIN)},
  pages={1--8},
  year={2021},
  organization={IEEE}
}
@inproceedings{zhang2022code,
  title={Code smells for machine learning applications},
  author={Zhang, Haiyin and Cruz, Lu{\'\i}s and Van Deursen, Arie},
  booktitle={Proceedings of the 1st international conference on AI engineering: software engineering for AI},
  pages={217--228},
  year={2022}
}
@article{quaranta2024pynblint,
  title={Pynblint: A quality assurance tool to improve the quality of Python Jupyter notebooks},
  author={Quaranta, Luigi and Calefato, Fabio and Lanubile, Filippo},
  journal={SoftwareX},
  volume={28},
  pages={101959},
  year={2024},
  publisher={Elsevier}
}
@inproceedings{shivashankar2025mlscent,
  title={MLScent A tool for Anti-pattern detection in ML projects},
  author={Shivashankar, Karthik and Martini, Antonio},
  booktitle={Proceedings of the 4th international conference on AI engineering: software engineering for AI},
  year={2025}
}
@article{wang2025machine,
  title={Why do Machine Learning Notebooks Crash? An Empirical Study on Public Python Jupyter Notebooks},
  author={Wang, Yiran and Meijer, Willem and Lopez, Jose Antonio Hernandez and Nilsson, Ulf and Varro, Daniel},
  journal={IEEE Transactions on Software Engineering},
  year={2025},
  publisher={IEEE}
}
@inproceedings{vonderhaar2025generating,
  title={Generating and Verifying Synthetic Datasets with Requirements Engineering},
  author={Vonderhaar, Lynn and Elvira, Timothy and Ochoa, Omar},
  booktitle={Proceedings of the 4th international conference on AI engineering: software engineering for AI},
  year={2025}
}
