@inproceedings{serban2022adapting,
  title={Adapting software architectures to machine learning challenges},
  author={Serban, Alex and Visser, Joost},
  booktitle={2022 IEEE International Conference on Software Analysis, Evolution and Reengineering (SANER)},
  pages={152--163},
  year={2022},
  organization={IEEE}
}


@inproceedings{breck2019data,
  title={Data Validation for Machine Learning.},
  author={Breck, Eric and Polyzotis, Neoklis and Roy, Sudip and Whang, Steven and Zinkevich, Martin},
  booktitle={MLSys},
  year={2019}
}

@article{renggli2019continuous,
  title={Continuous integration of machine learning models with ease. ml/ci: Towards a rigorous yet practical treatment},
  author={Renggli, Cedric and Karla{\v{s}}, Bojan and Ding, Bolin and Liu, Feng and Schawinski, Kevin and Wu, Wentao and Zhang, Ce},
  journal={Proceedings of Machine Learning and Systems},
  volume={1},
  pages={322--333},
  year={2019}
}

@inproceedings{sambasivan2021everyone,
  title={“Everyone wants to do the model work, not the data work”: Data Cascades in High-Stakes AI},
  author={Sambasivan, Nithya and Kapania, Shivani and Highfill, Hannah and Akrong, Diana and Paritosh, Praveen and Aroyo, Lora M},
  booktitle={proceedings of the 2021 CHI Conference on Human Factors in Computing Systems},
  pages={1--15},
  year={2021}
}