
@inproceedings{huang2023epilepsynet,
  title={Epilepsynet: Interpretable self-supervised seizure detection for low-power wearable systems},
  author={Huang, Baichuan and Zanetti, Renato and Abtahi, Azra and Atienza, David and Aminifar, Amir},
  booktitle={2023 IEEE 5th International Conference on Artificial Intelligence Circuits and Systems (AICAS)},
  pages={1--5},
  year={2023},
  organization={IEEE}
}


@inproceedings{huang2023lightweight,
  title={Lightweight machine learning for seizure detection on wearable devices},
  author={Huang, Baichuan and Abtahi, Azra and Aminifar, Amir},
  booktitle={ICASSP 2023-2023 IEEE International Conference on Acoustics, Speech and Signal Processing (ICASSP)},
  pages={1--2},
  year={2023},
  organization={IEEE}
}

@inproceedings{khadka2024combinatorial,
  title={A Combinatorial Approach to Hyperparameter Optimization},
  author={Khadka, Krishna and Chandrasekaran, Jaganmohan and Lei, Yu and Kacker, Raghu N and Kuhn, D Richard},
  booktitle={Proceedings of the IEEE/ACM 3rd International Conference on AI Engineering-Software Engineering for AI},
  pages={140--149},
  year={2024}
}


@misc{patterson2021carbon,
      title={Carbon Emissions and Large Neural Network Training}, 
      author={David Patterson and Joseph Gonzalez and Quoc Le and Chen Liang and Lluis-Miquel Munguia and Daniel Rothchild and David So and Maud Texier and Jeff Dean},
      year={2021},
      eprint={2104.10350},
      archivePrefix={arXiv},
      primaryClass={cs.LG}
}


@inproceedings{husom2024engineering,
  title={Engineering Carbon Emission-aware Machine Learning Pipelines},
  author={Husom, Erik Johannes and Sen, Sagar and Goknil, Arda},
  booktitle={Proceedings of the IEEE/ACM 3rd International Conference on AI Engineering-Software Engineering for AI},
  pages={118--128},
  year={2024}
}

@article{achiam2023gpt,
  title={Gpt-4 technical report},
  author={Achiam, Josh and Adler, Steven and Agarwal, Sandhini and Ahmad, Lama and Akkaya, Ilge and Aleman, Florencia Leoni and Almeida, Diogo and Altenschmidt, Janko and Altman, Sam and Anadkat, Shyamal and others},
  journal={arXiv preprint arXiv:2303.08774},
  year={2023}
}

@article{anil2023palm,
  title={Palm 2 technical report},
  author={Anil, Rohan and Dai, Andrew M and Firat, Orhan and Johnson, Melvin and Lepikhin, Dmitry and Passos, Alexandre and Shakeri, Siamak and Taropa, Emanuel and Bailey, Paige and Chen, Zhifeng and others},
  journal={arXiv preprint arXiv:2305.10403},
  year={2023}
}

@article{touvron2023llama,
  title={Llama: Open and efficient foundation language models},
  author={Touvron, Hugo and Lavril, Thibaut and Izacard, Gautier and Martinet, Xavier and Lachaux, Marie-Anne and Lacroix, Timoth{\'e}e and Rozi{\`e}re, Baptiste and Goyal, Naman and Hambro, Eric and Azhar, Faisal and others},
  journal={arXiv preprint arXiv:2302.13971},
  year={2023}
}


@inproceedings{NEURIPS2020_1457c0d6,
 author = {Brown, Tom and Mann, Benjamin and Ryder, Nick and Subbiah, Melanie and Kaplan, Jared D and Dhariwal, Prafulla and Neelakantan, Arvind and Shyam, Pranav and Sastry, Girish and Askell, Amanda and Agarwal, Sandhini and Herbert-Voss, Ariel and Krueger, Gretchen and Henighan, Tom and Child, Rewon and Ramesh, Aditya and Ziegler, Daniel and Wu, Jeffrey and Winter, Clemens and Hesse, Chris and Chen, Mark and Sigler, Eric and Litwin, Mateusz and Gray, Scott and Chess, Benjamin and Clark, Jack and Berner, Christopher and McCandlish, Sam and Radford, Alec and Sutskever, Ilya and Amodei, Dario},
 booktitle = {Advances in Neural Information Processing Systems},
 editor = {H. Larochelle and M. Ranzato and R. Hadsell and M.F. Balcan and H. Lin},
 pages = {1877--1901},
 publisher = {Curran Associates, Inc.},
 title = {Language Models are Few-Shot Learners},
 url = {https://proceedings.neurips.cc/paper_files/paper/2020/file/1457c0d6bfcb4967418bfb8ac142f64a-Paper.pdf},
 volume = {33},
 year = {2020}
}


@article{sculley2015hidden,
  title={Hidden technical debt in machine learning systems},
  author={Sculley, David and Holt, Gary and Golovin, Daniel and Davydov, Eugene and Phillips, Todd and Ebner, Dietmar and Chaudhary, Vinay and Young, Michael and Crespo, Jean-Francois and Dennison, Dan},
  journal={Advances in neural information processing systems},
  volume={28},
  year={2015}
}


@article{aminifar2024lightweight,
  title={LightFF: Lightweight Inference for Forward-Forward Algorithm},
  author={Aminifar, Amin and Huang, Baichuan and Abtahi, Azra and Aminifar, Amir},
  journal={the European Conference on Artificial Intelligence (ECAI)},
  year={2024}
}