@misc{lewis2020retrievalaugmented,
	title        = {Retrieval-Augmented Generation for Knowledge-Intensive NLP Tasks},
	author       = {Patrick Lewis and Ethan Perez and Aleksandra Piktus and Fabio Petroni and Vladimir Karpukhin and Naman Goyal and Heinrich Küttler and Mike Lewis and Wen-tau Yih and Tim Rocktäschel and Sebastian Riedel and Douwe Kiela},
	year         = 2020,
	eprint       = {2005.11401},
	archiveprefix = {arXiv},
	primaryclass = {cs.CL}
}
@inproceedings{Sun2022MoralDialAF,
	title        = {MoralDial: A Framework to Train and Evaluate Moral Dialogue Systems via Moral Discussions},
	author       = {Hao Sun and Zhexin Zhang and Fei Mi and Yasheng Wang and W. Liu and Jianwei Cui and Bin Wang and Qun Liu and Minlie Huang},
	year         = 2022,
	booktitle    = {Annual Meeting of the Association for Computational Linguistics},
	url          = {https://api.semanticscholar.org/CorpusID:258947011}
}
@inproceedings{Carlini2020ExtractingTD,
	title        = {Extracting Training Data from Large Language Models},
	author       = {Nicholas Carlini and Florian Tram{\`e}r and Eric Wallace and Matthew Jagielski and Ariel Herbert-Voss and Katherine Lee and Adam Roberts and Tom B. Brown and Dawn Xiaodong Song and {\'U}lfar Erlingsson and Alina Oprea and Colin Raffel},
	year         = 2020,
	booktitle    = {USENIX Security Symposium},
	url          = {https://api.semanticscholar.org/CorpusID:229156229}
}
